<record xmlns="http://www.loc.gov/MARC21/slim" xmlns:xsi="http://www.w3.org/2001/XMLSchema-instance" xsi:schemaLocation="http://www.loc.gov/MARC21/slim http://www.loc.gov/standards/marcxml/schema/MARC21slim.xsd">

  <leader>00425nas a22001577a 4500</leader>
  <controlfield tag="006">a|||||r|||| 00| 0 </controlfield>
  <controlfield tag="008">150408b1997    cl ||| | |||| 00| 0 spa d</controlfield>
  <datafield ind2=" " ind1=" " tag="022">
    <subfield code="a">0716-8381</subfield>
  </datafield>
  <datafield ind2=" " tag="090" ind1=" ">
    <subfield code="a">REVIS 15.04.04</subfield>
  </datafield>
  <datafield tag="245" ind1="1" ind2="0">
    <subfield code="a">Revista Mujer Salud</subfield>
  </datafield>
  <datafield tag="260" ind1=" " ind2=" ">
    <subfield code="a">Chile :</subfield>
    <subfield code="b">Red de Salud de las Mujeres Lationamericanas</subfield>
    <subfield code="c">1997-</subfield>
  </datafield>
  <datafield ind1=" " tag="300" ind2=" ">
    <subfield code="a">volúmenes</subfield>
  </datafield>
  <datafield ind2="4" ind1="1" tag="650">
    <subfield code="9">4</subfield>
    <subfield code="a">SALUD DE LA MUJER</subfield>
  </datafield>
  <datafield tag="650" ind1="1" ind2="4">
    <subfield code="9">5</subfield>
    <subfield code="a">ADOLESCENTES</subfield>
  </datafield>
  <datafield ind2=" " ind1=" " tag="942">
    <subfield code="2">z</subfield>
    <subfield code="c">03</subfield>
  </datafield>
  <datafield ind2=" " ind1=" " tag="999">
    <subfield code="c">2558</subfield>
    <subfield code="d">2558</subfield>
  </datafield>
</record>